[{"index":0,"PRODUCTLINE":"Classic Cars","YearMonth":"2003-01","SALES":"41191.78"},{"index":1,"PRODUCTLINE":"Classic Cars","YearMonth":"2003-02","SALES":"20464.41"},{"index":2,"PRODUCTLINE":"Classic Cars","YearMonth":"2003-03","SALES":"105026.68"},{"index":3,"PRODUCTLINE":"Classic Cars","YearMonth":"2003-04","SALES":"59873.6"},{"index":4,"PRODUCTLINE":"Classic Cars","YearMonth":"2003-05","SALES":"98179.48"},{"index":5,"PRODUCTLINE":"Classic Cars","YearMonth":"2003-06","SALES":"50256.79"},{"index":6,"PRODUCTLINE":"Classic Cars","YearMonth":"2003-07","SALES":"94055.58"},{"index":7,"PRODUCTLINE":"Classic Cars","YearMonth":"2003-08","SALES":"48406.61"},{"index":8,"PRODUCTLINE":"Classic Cars","YearMonth":"2003-09","SALES":"137666.87"},{"index":9,"PRODUCTLINE":"Classic Cars","YearMonth":"2003-10","SALES":"241145.43"},{"index":10,"PRODUCTLINE":"Classic Cars","YearMonth":"2003-11","SALES":"452924.37"},{"index":11,"PRODUCTLINE":"Classic Cars","YearMonth":"2003-12","SALES":"135593.69"},{"index":12,"PRODUCTLINE":"Classic Cars","YearMonth":"2004-01","SALES":"122791.55"},{"index":13,"PRODUCTLINE":"Classic Cars","YearMonth":"2004-02","SALES":"133034.82"},{"index":14,"PRODUCTLINE":"Classic Cars","YearMonth":"2004-03","SALES":"81144.0"},{"index":15,"PRODUCTLINE":"Classic Cars","YearMonth":"2004-04","SALES":"91815.89"},{"index":16,"PRODUCTLINE":"Classic Cars","YearMonth":"2004-05","SALES":"83382.16"},{"index":17,"PRODUCTLINE":"Classic Cars","YearMonth":"2004-06","SALES":"87163.19"},{"index":18,"PRODUCTLINE":"Classic Cars","YearMonth":"2004-07","SALES":"151237.37"},{"index":19,"PRODUCTLINE":"Classic Cars","YearMonth":"2004-08","SALES":"216895.82"},{"index":20,"PRODUCTLINE":"Classic Cars","YearMonth":"2004-09","SALES":"97006.20999999999"},{"index":21,"PRODUCTLINE":"Classic Cars","YearMonth":"2004-10","SALES":"223856.81"},{"index":22,"PRODUCTLINE":"Classic Cars","YearMonth":"2004-11","SALES":"372231.89"},{"index":23,"PRODUCTLINE":"Classic Cars","YearMonth":"2004-12","SALES":"101697.38"},{"index":24,"PRODUCTLINE":"Classic Cars","YearMonth":"2005-01","SALES":"139087.23"},{"index":25,"PRODUCTLINE":"Classic Cars","YearMonth":"2005-02","SALES":"146148.57"},{"index":26,"PRODUCTLINE":"Classic Cars","YearMonth":"2005-03","SALES":"91389.86"},{"index":27,"PRODUCTLINE":"Classic Cars","YearMonth":"2005-04","SALES":"111562.51000000001"},{"index":28,"PRODUCTLINE":"Classic Cars","YearMonth":"2005-05","SALES":"184385.11"},{"index":29,"PRODUCTLINE":"Motorcycles","YearMonth":"2003-02","SALES":"25783.76"},{"index":30,"PRODUCTLINE":"Motorcycles","YearMonth":"2003-03","SALES":"12639.15"},{"index":31,"PRODUCTLINE":"Motorcycles","YearMonth":"2003-04","SALES":"23475.59"},{"index":32,"PRODUCTLINE":"Motorcycles","YearMonth":"2003-05","SALES":"22097.32"},{"index":33,"PRODUCTLINE":"Motorcycles","YearMonth":"2003-06","SALES":"2642.01"},{"index":34,"PRODUCTLINE":"Motorcycles","YearMonth":"2003-07","SALES":"37924.229999999996"},{"index":35,"PRODUCTLINE":"Motorcycles","YearMonth":"2003-08","SALES":"44164.909999999996"},{"index":36,"PRODUCTLINE":"Motorcycles","YearMonth":"2003-09","SALES":"3155.58"},{"index":37,"PRODUCTLINE":"Motorcycles","YearMonth":"2003-10","SALES":"64235.65"},{"index":38,"PRODUCTLINE":"Motorcycles","YearMonth":"2003-11","SALES":"109345.5"},{"index":39,"PRODUCTLINE":"Motorcycles","YearMonth":"2003-12","SALES":"25431.88"},{"index":40,"PRODUCTLINE":"Motorcycles","YearMonth":"2004-01","SALES":"41200.52"},{"index":41,"PRODUCTLINE":"Motorcycles","YearMonth":"2004-02","SALES":"49066.5"},{"index":42,"PRODUCTLINE":"Motorcycles","YearMonth":"2004-04","SALES":"36269.07"},{"index":43,"PRODUCTLINE":"Motorcycles","YearMonth":"2004-05","SALES":"46848.95"},{"index":44,"PRODUCTLINE":"Motorcycles","YearMonth":"2004-06","SALES":"47237.41"},{"index":45,"PRODUCTLINE":"Motorcycles","YearMonth":"2004-07","SALES":"22774.0"},{"index":46,"PRODUCTLINE":"Motorcycles","YearMonth":"2004-08","SALES":"62704.93"},{"index":47,"PRODUCTLINE":"Motorcycles","YearMonth":"2004-09","SALES":"42471.05"},{"index":48,"PRODUCTLINE":"Motorcycles","YearMonth":"2004-10","SALES":"39413.96"},{"index":49,"PRODUCTLINE":"Motorcycles","YearMonth":"2004-11","SALES":"151711.86000000002"},{"index":50,"PRODUCTLINE":"Motorcycles","YearMonth":"2004-12","SALES":"20846.98"},{"index":51,"PRODUCTLINE":"Motorcycles","YearMonth":"2005-01","SALES":"39913.36"},{"index":52,"PRODUCTLINE":"Motorcycles","YearMonth":"2005-02","SALES":"47951.42"},{"index":53,"PRODUCTLINE":"Motorcycles","YearMonth":"2005-03","SALES":"47830.83"},{"index":54,"PRODUCTLINE":"Motorcycles","YearMonth":"2005-04","SALES":"59862.219999999994"},{"index":55,"PRODUCTLINE":"Motorcycles","YearMonth":"2005-05","SALES":"39389.7"},{"index":56,"PRODUCTLINE":"Planes","YearMonth":"2003-02","SALES":"39205.31"},{"index":57,"PRODUCTLINE":"Planes","YearMonth":"2003-04","SALES":"36563.34"},{"index":58,"PRODUCTLINE":"Planes","YearMonth":"2003-06","SALES":"32115.65"},{"index":59,"PRODUCTLINE":"Planes","YearMonth":"2003-08","SALES":"33938.33"},{"index":60,"PRODUCTLINE":"Planes","YearMonth":"2003-10","SALES":"69180.74"},{"index":61,"PRODUCTLINE":"Planes","YearMonth":"2003-11","SALES":"54133.270000000004"},{"index":62,"PRODUCTLINE":"Planes","YearMonth":"2003-12","SALES":"7120.96"},{"index":63,"PRODUCTLINE":"Planes","YearMonth":"2004-01","SALES":"35453.54"},{"index":64,"PRODUCTLINE":"Planes","YearMonth":"2004-02","SALES":"37659.93"},{"index":65,"PRODUCTLINE":"Planes","YearMonth":"2004-04","SALES":"23032.84"},{"index":66,"PRODUCTLINE":"Planes","YearMonth":"2004-05","SALES":"40656.2"},{"index":67,"PRODUCTLINE":"Planes","YearMonth":"2004-06","SALES":"36650.28"},{"index":68,"PRODUCTLINE":"Planes","YearMonth":"2004-07","SALES":"40915.32"},{"index":69,"PRODUCTLINE":"Planes","YearMonth":"2004-08","SALES":"33413.68"},{"index":70,"PRODUCTLINE":"Planes","YearMonth":"2004-09","SALES":"34785.62"},{"index":71,"PRODUCTLINE":"Planes","YearMonth":"2004-10","SALES":"37596.91"},{"index":72,"PRODUCTLINE":"Planes","YearMonth":"2004-11","SALES":"121130.7"},{"index":73,"PRODUCTLINE":"Planes","YearMonth":"2004-12","SALES":"61376.78"},{"index":74,"PRODUCTLINE":"Planes","YearMonth":"2005-01","SALES":"11262.27"},{"index":75,"PRODUCTLINE":"Planes","YearMonth":"2005-02","SALES":"31040.410000000003"},{"index":76,"PRODUCTLINE":"Planes","YearMonth":"2005-03","SALES":"79735.05"},{"index":77,"PRODUCTLINE":"Planes","YearMonth":"2005-04","SALES":"43763.59"},{"index":78,"PRODUCTLINE":"Planes","YearMonth":"2005-05","SALES":"34272.85"},{"index":79,"PRODUCTLINE":"Ships","YearMonth":"2003-02","SALES":"27050.38"},{"index":80,"PRODUCTLINE":"Ships","YearMonth":"2003-04","SALES":"27399.45"},{"index":81,"PRODUCTLINE":"Ships","YearMonth":"2003-06","SALES":"29044.82"},{"index":82,"PRODUCTLINE":"Ships","YearMonth":"2003-08","SALES":"25607.079999999998"},{"index":83,"PRODUCTLINE":"Ships","YearMonth":"2003-09","SALES":"20564.19"},{"index":84,"PRODUCTLINE":"Ships","YearMonth":"2003-10","SALES":"35980.37"},{"index":85,"PRODUCTLINE":"Ships","YearMonth":"2003-11","SALES":"79174.8"},{"index":86,"PRODUCTLINE":"Ships","YearMonth":"2004-01","SALES":"29479.55"},{"index":87,"PRODUCTLINE":"Ships","YearMonth":"2004-02","SALES":"30611.52"},{"index":88,"PRODUCTLINE":"Ships","YearMonth":"2004-03","SALES":"21576.79"},{"index":89,"PRODUCTLINE":"Ships","YearMonth":"2004-05","SALES":"29421.29"},{"index":90,"PRODUCTLINE":"Ships","YearMonth":"2004-06","SALES":"24229.71"},{"index":91,"PRODUCTLINE":"Ships","YearMonth":"2004-07","SALES":"22532.62"},{"index":92,"PRODUCTLINE":"Ships","YearMonth":"2004-08","SALES":"26643.29"},{"index":93,"PRODUCTLINE":"Ships","YearMonth":"2004-09","SALES":"25151.04"},{"index":94,"PRODUCTLINE":"Ships","YearMonth":"2004-10","SALES":"43811.37"},{"index":95,"PRODUCTLINE":"Ships","YearMonth":"2004-11","SALES":"63900.85"},{"index":96,"PRODUCTLINE":"Ships","YearMonth":"2004-12","SALES":"24079.94"},{"index":97,"PRODUCTLINE":"Ships","YearMonth":"2005-01","SALES":"31807.850000000002"},{"index":98,"PRODUCTLINE":"Ships","YearMonth":"2005-02","SALES":"10586.06"},{"index":99,"PRODUCTLINE":"Ships","YearMonth":"2005-03","SALES":"52765.15"},{"index":100,"PRODUCTLINE":"Ships","YearMonth":"2005-04","SALES":"6284.0"},{"index":101,"PRODUCTLINE":"Ships","YearMonth":"2005-05","SALES":"26735.01"},{"index":102,"PRODUCTLINE":"Trains","YearMonth":"2003-01","SALES":"4933.55"},{"index":103,"PRODUCTLINE":"Trains","YearMonth":"2003-02","SALES":"4330.1"},{"index":104,"PRODUCTLINE":"Trains","YearMonth":"2003-04","SALES":"4756.47"},{"index":105,"PRODUCTLINE":"Trains","YearMonth":"2003-06","SALES":"10071.060000000001"},{"index":106,"PRODUCTLINE":"Trains","YearMonth":"2003-08","SALES":"7374.9400000000005"},{"index":107,"PRODUCTLINE":"Trains","YearMonth":"2003-09","SALES":"6034.52"},{"index":108,"PRODUCTLINE":"Trains","YearMonth":"2003-10","SALES":"10233.5"},{"index":109,"PRODUCTLINE":"Trains","YearMonth":"2003-11","SALES":"22523.4"},{"index":110,"PRODUCTLINE":"Trains","YearMonth":"2003-12","SALES":"2544.75"},{"index":111,"PRODUCTLINE":"Trains","YearMonth":"2004-01","SALES":"7582.860000000001"},{"index":112,"PRODUCTLINE":"Trains","YearMonth":"2004-02","SALES":"4968.01"},{"index":113,"PRODUCTLINE":"Trains","YearMonth":"2004-03","SALES":"9641.82"},{"index":114,"PRODUCTLINE":"Trains","YearMonth":"2004-05","SALES":"10199.470000000001"},{"index":115,"PRODUCTLINE":"Trains","YearMonth":"2004-07","SALES":"10802.2"},{"index":116,"PRODUCTLINE":"Trains","YearMonth":"2004-08","SALES":"8793.18"},{"index":117,"PRODUCTLINE":"Trains","YearMonth":"2004-09","SALES":"6445.32"},{"index":118,"PRODUCTLINE":"Trains","YearMonth":"2004-10","SALES":"15183.369999999999"},{"index":119,"PRODUCTLINE":"Trains","YearMonth":"2004-11","SALES":"22271.23"},{"index":120,"PRODUCTLINE":"Trains","YearMonth":"2004-12","SALES":"20636.39"},{"index":121,"PRODUCTLINE":"Trains","YearMonth":"2005-01","SALES":"6510.17"},{"index":122,"PRODUCTLINE":"Trains","YearMonth":"2005-02","SALES":"7209.84"},{"index":123,"PRODUCTLINE":"Trains","YearMonth":"2005-03","SALES":"12939.449999999999"},{"index":124,"PRODUCTLINE":"Trains","YearMonth":"2005-05","SALES":"10257.869999999999"},{"index":125,"PRODUCTLINE":"Trucks and Buses","YearMonth":"2003-01","SALES":"36801.43"},{"index":126,"PRODUCTLINE":"Trucks and Buses","YearMonth":"2003-03","SALES":"9908.060000000001"},{"index":127,"PRODUCTLINE":"Trucks and Buses","YearMonth":"2003-04","SALES":"28790.76"},{"index":128,"PRODUCTLINE":"Trucks and Buses","YearMonth":"2003-05","SALES":"25362.73"},{"index":129,"PRODUCTLINE":"Trucks and Buses","YearMonth":"2003-06","SALES":"17369.72"},{"index":130,"PRODUCTLINE":"Trucks and Buses","YearMonth":"2003-07","SALES":"26099.98"},{"index":131,"PRODUCTLINE":"Trucks and Buses","YearMonth":"2003-08","SALES":"15031.970000000001"},{"index":132,"PRODUCTLINE":"Trucks and Buses","YearMonth":"2003-09","SALES":"43506.3"},{"index":133,"PRODUCTLINE":"Trucks and Buses","YearMonth":"2003-10","SALES":"46912.03"},{"index":134,"PRODUCTLINE":"Trucks and Buses","YearMonth":"2003-11","SALES":"127062.92"},{"index":135,"PRODUCTLINE":"Trucks and Buses","YearMonth":"2003-12","SALES":"43584.03"},{"index":136,"PRODUCTLINE":"Trucks and Buses","YearMonth":"2004-01","SALES":"5152.0"},{"index":137,"PRODUCTLINE":"Trucks and Buses","YearMonth":"2004-02","SALES":"31036.91"},{"index":138,"PRODUCTLINE":"Trucks and Buses","YearMonth":"2004-03","SALES":"37389.9"},{"index":139,"PRODUCTLINE":"Trucks and Buses","YearMonth":"2004-05","SALES":"36181.14"},{"index":140,"PRODUCTLINE":"Trucks and Buses","YearMonth":"2004-06","SALES":"43407.79"},{"index":141,"PRODUCTLINE":"Trucks and Buses","YearMonth":"2004-07","SALES":"38170.09"},{"index":142,"PRODUCTLINE":"Trucks and Buses","YearMonth":"2004-08","SALES":"34911.32"},{"index":143,"PRODUCTLINE":"Trucks and Buses","YearMonth":"2004-09","SALES":"41791.35"},{"index":144,"PRODUCTLINE":"Trucks and Buses","YearMonth":"2004-10","SALES":"76901.54"},{"index":145,"PRODUCTLINE":"Trucks and Buses","YearMonth":"2004-11","SALES":"123811.14"},{"index":146,"PRODUCTLINE":"Trucks and Buses","YearMonth":"2004-12","SALES":"60549.71"},{"index":147,"PRODUCTLINE":"Trucks and Buses","YearMonth":"2005-01","SALES":"36577.2"},{"index":148,"PRODUCTLINE":"Trucks and Buses","YearMonth":"2005-02","SALES":"37174.16"},{"index":149,"PRODUCTLINE":"Trucks and Buses","YearMonth":"2005-03","SALES":"14579.380000000001"},{"index":150,"PRODUCTLINE":"Trucks and Buses","YearMonth":"2005-05","SALES":"89726.28"},{"index":151,"PRODUCTLINE":"Vintage Cars","YearMonth":"2003-01","SALES":"46826.84"},{"index":152,"PRODUCTLINE":"Vintage Cars","YearMonth":"2003-02","SALES":"24002.23"},{"index":153,"PRODUCTLINE":"Vintage Cars","YearMonth":"2003-03","SALES":"46931.01"},{"index":154,"PRODUCTLINE":"Vintage Cars","YearMonth":"2003-04","SALES":"20750.34"},{"index":155,"PRODUCTLINE":"Vintage Cars","YearMonth":"2003-05","SALES":"47033.58"},{"index":156,"PRODUCTLINE":"Vintage Cars","YearMonth":"2003-06","SALES":"26582.510000000002"},{"index":157,"PRODUCTLINE":"Vintage Cars","YearMonth":"2003-07","SALES":"29652.09"},{"index":158,"PRODUCTLINE":"Vintage Cars","YearMonth":"2003-08","SALES":"23285.46"},{"index":159,"PRODUCTLINE":"Vintage Cars","YearMonth":"2003-09","SALES":"53045.9"},{"index":160,"PRODUCTLINE":"Vintage Cars","YearMonth":"2003-10","SALES":"100603.25"},{"index":161,"PRODUCTLINE":"Vintage Cars","YearMonth":"2003-11","SALES":"184673.4"},{"index":162,"PRODUCTLINE":"Vintage Cars","YearMonth":"2003-12","SALES":"47601.15"},{"index":163,"PRODUCTLINE":"Vintage Cars","YearMonth":"2004-01","SALES":"74917.4"},{"index":164,"PRODUCTLINE":"Vintage Cars","YearMonth":"2004-02","SALES":"25041.84"},{"index":165,"PRODUCTLINE":"Vintage Cars","YearMonth":"2004-03","SALES":"55981.22"},{"index":166,"PRODUCTLINE":"Vintage Cars","YearMonth":"2004-04","SALES":"55030.32"},{"index":167,"PRODUCTLINE":"Vintage Cars","YearMonth":"2004-05","SALES":"26749.18"},{"index":168,"PRODUCTLINE":"Vintage Cars","YearMonth":"2004-06","SALES":"47985.84"},{"index":169,"PRODUCTLINE":"Vintage Cars","YearMonth":"2004-07","SALES":"40712.49"},{"index":170,"PRODUCTLINE":"Vintage Cars","YearMonth":"2004-08","SALES":"78139.05"},{"index":171,"PRODUCTLINE":"Vintage Cars","YearMonth":"2004-09","SALES":"73100.32"},{"index":172,"PRODUCTLINE":"Vintage Cars","YearMonth":"2004-10","SALES":"116160.29000000001"},{"index":173,"PRODUCTLINE":"Vintage Cars","YearMonth":"2004-11","SALES":"233990.34"},{"index":174,"PRODUCTLINE":"Vintage Cars","YearMonth":"2004-12","SALES":"83615.48"},{"index":175,"PRODUCTLINE":"Vintage Cars","YearMonth":"2005-01","SALES":"74385.34"},{"index":176,"PRODUCTLINE":"Vintage Cars","YearMonth":"2005-02","SALES":"78075.72"},{"index":177,"PRODUCTLINE":"Vintage Cars","YearMonth":"2005-03","SALES":"75023.04"},{"index":178,"PRODUCTLINE":"Vintage Cars","YearMonth":"2005-04","SALES":"40160.97"},{"index":179,"PRODUCTLINE":"Vintage Cars","YearMonth":"2005-05","SALES":"73094.24"},{"index":180,"PRODUCTLINE":"Classic Cars","YearMonth":"2005-06","SALES":"156428.60304172247"},{"index":181,"PRODUCTLINE":"Classic Cars","YearMonth":"2005-07","SALES":"143360.67322786115"},{"index":182,"PRODUCTLINE":"Classic Cars","YearMonth":"2005-08","SALES":"146632.06812654308"},{"index":183,"PRODUCTLINE":"Motorcycles","YearMonth":"2005-06","SALES":"46962.24112017364"},{"index":184,"PRODUCTLINE":"Motorcycles","YearMonth":"2005-07","SALES":"51318.852318159734"},{"index":185,"PRODUCTLINE":"Motorcycles","YearMonth":"2005-08","SALES":"44242.27976514482"},{"index":186,"PRODUCTLINE":"Planes","YearMonth":"2005-06","SALES":"45261.09197070912"},{"index":187,"PRODUCTLINE":"Planes","YearMonth":"2005-07","SALES":"48122.3808569457"},{"index":188,"PRODUCTLINE":"Planes","YearMonth":"2005-08","SALES":"42273.77198630726"},{"index":189,"PRODUCTLINE":"Ships","YearMonth":"2005-06","SALES":"25772.720590828027"},{"index":190,"PRODUCTLINE":"Ships","YearMonth":"2005-07","SALES":"40528.53474188243"},{"index":191,"PRODUCTLINE":"Ships","YearMonth":"2005-08","SALES":"32562.46682378591"},{"index":192,"PRODUCTLINE":"Trains","YearMonth":"2005-06","SALES":"10264.149749795804"},{"index":193,"PRODUCTLINE":"Trains","YearMonth":"2005-07","SALES":"10262.264404842548"},{"index":194,"PRODUCTLINE":"Trains","YearMonth":"2005-08","SALES":"10492.549437385995"},{"index":195,"PRODUCTLINE":"Trucks and Buses","YearMonth":"2005-06","SALES":"65183.057496024936"},{"index":196,"PRODUCTLINE":"Trucks and Buses","YearMonth":"2005-07","SALES":"49678.36207673008"},{"index":197,"PRODUCTLINE":"Trucks and Buses","YearMonth":"2005-08","SALES":"38887.85930216852"},{"index":198,"PRODUCTLINE":"Vintage Cars","YearMonth":"2005-06","SALES":"66911.04494354883"},{"index":199,"PRODUCTLINE":"Vintage Cars","YearMonth":"2005-07","SALES":"71583.89005274881"},{"index":200,"PRODUCTLINE":"Vintage Cars","YearMonth":"2005-08","SALES":"69217.17007925925"}]